@book{adams1995hitchhiker,
  title={The Hitchhiker's Guide to the Galaxy},
  author={Adams, D.},
  isbn={9781417642595},
  url={http://books.google.com/books?id=W-xMPgAACAAJ},
  year={1995},
  publisher={San Val}
}
@article{depaiva1996,
  title={Categorical {P}roof {T}heory and {L}inear {L}ogic},
  author={de Paiva, Valeria},
  year={1996},
  note = {Lecture Notes for a course at ESSLLI 1996, Prague, Czech Republic}
  url = {\url{http://citeseerx.ist.psu.edu/viewdoc/download?doi=10.1.1.62.2228&rep=rep1&type=pdf}}
  publisher={Citeseer}
}